<?xml version="1.0" encoding="UTF-8"?>
  <record xmlns="http://www.loc.gov/MARC21/slim" type="Authority">
    <leader>00000nz  a2200000oc 4500</leader>
    <controlfield tag="001">1004499582</controlfield>
    <controlfield tag="003">DE-101</controlfield>
    <controlfield tag="005">20210907113403.0</controlfield>
    <controlfield tag="008">100617n||aznnnaabn           | ana    |c</controlfield>
    <datafield tag="024" ind1="7" ind2=" ">
      <subfield code="a">6146457-0</subfield>
      <subfield code="0">http://d-nb.info/gnd/6146457-0</subfield>
      <subfield code="2">gnd</subfield>
    </datafield>
    <datafield tag="035" ind1=" " ind2=" ">
      <subfield code="a">(DE-101)1004499582</subfield>
    </datafield>
    <datafield tag="035" ind1=" " ind2=" ">
      <subfield code="a">(DE-588)6146457-0</subfield>
    </datafield>
    <datafield tag="035" ind1=" " ind2=" ">
      <subfield code="z">(DE-588b)6146457-0</subfield>
      <subfield code="9">v:zg</subfield>
    </datafield>
    <datafield tag="040" ind1=" " ind2=" ">
      <subfield code="a">DE-601</subfield>
      <subfield code="c">DE-601</subfield>
      <subfield code="9">r:DE-1</subfield>
      <subfield code="b">ger</subfield>
      <subfield code="d">0014</subfield>
      <subfield code="e">rda</subfield>
    </datafield>
    <datafield tag="042" ind1=" " ind2=" ">
      <subfield code="a">gnd3</subfield>
    </datafield>
    <datafield tag="043" ind1=" " ind2=" ">
      <subfield code="c">XA-DE</subfield>
    </datafield>
    <datafield tag="065" ind1=" " ind2=" ">
      <subfield code="a">10.12b</subfield>
      <subfield code="2">sswd</subfield>
    </datafield>
    <datafield tag="075" ind1=" " ind2=" ">
      <subfield code="b">b</subfield>
      <subfield code="2">gndgen</subfield>
    </datafield>
    <datafield tag="075" ind1=" " ind2=" ">
      <subfield code="b">kiz</subfield>
      <subfield code="2">gndspec</subfield>
    </datafield>
    <datafield tag="079" ind1=" " ind2=" ">
      <subfield code="a">g</subfield>
      <subfield code="q">f</subfield>
      <subfield code="u">r</subfield>
      <subfield code="u">o</subfield>
      <subfield code="u">v</subfield>
    </datafield>
    <datafield tag="110" ind1="2" ind2=" ">
      <subfield code="a">Fürstliche Druckerei</subfield>
      <subfield code="g">Köthen (Anhalt)</subfield>
    </datafield>
    <datafield tag="410" ind1="2" ind2=" ">
      <subfield code="a">Fürstliche Druckerey zu Cöthen</subfield>
    </datafield>
    <datafield tag="410" ind1="2" ind2=" ">
      <subfield code="a">Fürstl. Druckerey zu Cöthen</subfield>
    </datafield>
    <datafield tag="410" ind1="2" ind2=" ">
      <subfield code="a">Typis Illustris</subfield>
      <subfield code="g">Köthen (Anhalt)</subfield>
    </datafield>
    <datafield tag="500" ind1="1" ind2=" ">
      <subfield code="0">(DE-101)1037524993</subfield>
      <subfield code="0">(DE-588)1037524993</subfield>
      <subfield code="0">https://d-nb.info/gnd/1037524993</subfield>
      <subfield code="a">Brand, Jakob</subfield>
      <subfield code="4">bete</subfield>
      <subfield code="4">https://d-nb.info/standards/elementset/gnd#contributingPerson</subfield>
      <subfield code="w">r</subfield>
      <subfield code="i">Beteiligte</subfield>
      <subfield code="e">Beteiligte</subfield>
      <subfield code="9">v:Pächter</subfield>
      <subfield code="9">Z:1651-1663</subfield>
    </datafield>
    <datafield tag="500" ind1="1" ind2=" ">
      <subfield code="0">(DE-101)1037513584</subfield>
      <subfield code="0">(DE-588)1037513584</subfield>
      <subfield code="0">https://d-nb.info/gnd/1037513584</subfield>
      <subfield code="a">Röel, Michael</subfield>
      <subfield code="4">bete</subfield>
      <subfield code="4">https://d-nb.info/standards/elementset/gnd#contributingPerson</subfield>
      <subfield code="w">r</subfield>
      <subfield code="i">Beteiligte</subfield>
      <subfield code="e">Beteiligte</subfield>
      <subfield code="9">v:Pächter</subfield>
      <subfield code="9">Z:1663-1684</subfield>
    </datafield>
    <datafield tag="500" ind1="1" ind2=" ">
      <subfield code="0">(DE-101)1037515056</subfield>
      <subfield code="0">(DE-588)1037515056</subfield>
      <subfield code="0">https://d-nb.info/gnd/1037515056</subfield>
      <subfield code="a">Neuberger, Tobias</subfield>
      <subfield code="4">bete</subfield>
      <subfield code="4">https://d-nb.info/standards/elementset/gnd#contributingPerson</subfield>
      <subfield code="w">r</subfield>
      <subfield code="i">Beteiligte</subfield>
      <subfield code="e">Beteiligte</subfield>
      <subfield code="9">v:Pächter</subfield>
      <subfield code="9">Z:1690-1694</subfield>
    </datafield>
    <datafield tag="500" ind1="1" ind2=" ">
      <subfield code="0">(DE-101)1037504143</subfield>
      <subfield code="0">(DE-588)1037504143</subfield>
      <subfield code="0">https://d-nb.info/gnd/1037504143</subfield>
      <subfield code="a">Teutscher, Gottfried</subfield>
      <subfield code="4">bete</subfield>
      <subfield code="4">https://d-nb.info/standards/elementset/gnd#contributingPerson</subfield>
      <subfield code="w">r</subfield>
      <subfield code="i">Beteiligte</subfield>
      <subfield code="e">Beteiligte</subfield>
      <subfield code="9">v:Pächter</subfield>
      <subfield code="9">Z:1695-1697</subfield>
    </datafield>
    <datafield tag="500" ind1="1" ind2=" ">
      <subfield code="0">(DE-101)1037520483</subfield>
      <subfield code="0">(DE-588)1037520483</subfield>
      <subfield code="0">https://d-nb.info/gnd/1037520483</subfield>
      <subfield code="a">Weyland, Matthias</subfield>
      <subfield code="4">bete</subfield>
      <subfield code="4">https://d-nb.info/standards/elementset/gnd#contributingPerson</subfield>
      <subfield code="w">r</subfield>
      <subfield code="i">Beteiligte</subfield>
      <subfield code="e">Beteiligte</subfield>
      <subfield code="9">v:Pächter</subfield>
      <subfield code="9">Z:1697-1699</subfield>
    </datafield>
    <datafield tag="548" ind1=" " ind2=" ">
      <subfield code="a">1618-</subfield>
      <subfield code="4">datb</subfield>
      <subfield code="4">https://d-nb.info/standards/elementset/gnd#dateOfEstablishment</subfield>
      <subfield code="w">r</subfield>
      <subfield code="i">Zeitraum</subfield>
    </datafield>
    <datafield tag="550" ind1=" " ind2=" ">
      <subfield code="0">(DE-101)041333330</subfield>
      <subfield code="0">(DE-588)4133333-0</subfield>
      <subfield code="0">https://d-nb.info/gnd/4133333-0</subfield>
      <subfield code="a">Druckerei</subfield>
      <subfield code="4">obin</subfield>
      <subfield code="4">https://d-nb.info/standards/elementset/gnd#broaderTermInstantial</subfield>
      <subfield code="w">r</subfield>
      <subfield code="i">Oberbegriff instantiell</subfield>
    </datafield>
    <datafield tag="551" ind1=" " ind2=" ">
      <subfield code="0">(DE-101)040316165</subfield>
      <subfield code="0">(DE-588)4031616-6</subfield>
      <subfield code="0">https://d-nb.info/gnd/4031616-6</subfield>
      <subfield code="a">Köthen (Anhalt)</subfield>
      <subfield code="4">orta</subfield>
      <subfield code="4">https://d-nb.info/standards/elementset/gnd#placeOfBusiness</subfield>
      <subfield code="w">r</subfield>
      <subfield code="i">Ort</subfield>
      <subfield code="9">X:1</subfield>
    </datafield>
    <datafield tag="667" ind1=" " ind2=" ">
      <subfield code="a">VD-17</subfield>
    </datafield>
    <datafield tag="670" ind1=" " ind2=" ">
      <subfield code="a">RISM A/I, M 2485; MM 2485</subfield>
    </datafield>
    <datafield tag="672" ind1=" " ind2="0">
      <subfield code="a">Klage/ Trost und Dancksagunge der Kinder Gottes In und nach ihrer mannigfaltigen und grossen Angst ...</subfield>
      <subfield code="f">1677</subfield>
    </datafield>
    <datafield tag="913" ind1=" " ind2=" ">
      <subfield code="S">gkd</subfield>
      <subfield code="i">a</subfield>
      <subfield code="a">Fürstliche Druckerei &lt;Köthen&gt;</subfield>
      <subfield code="0">(DE-588b)6146457-0</subfield>
    </datafield>
  </record>
